<record><leader>00000cas a22000007a 4500</leader><controlfield tag="001">13457939</controlfield><controlfield tag="008">860419d19321968nvuwr ne      0    0eng d</controlfield><datafield ind1=" " ind2=" " tag="010"><subfield code="a">sn 86091351 </subfield></datafield><datafield ind1=" " ind2=" " tag="040"><subfield code="a">UNP</subfield><subfield code="b">eng</subfield><subfield code="c">UNP</subfield><subfield code="d">NNX</subfield><subfield code="d">OCL</subfield><subfield code="d">OCLCQ</subfield><subfield code="d">OCLCF</subfield><subfield code="d">OCLCO</subfield></datafield><datafield ind1="1" ind2=" " tag="029"><subfield code="a">AU@</subfield><subfield code="b">000022774995</subfield></datafield><datafield ind1=" " ind2=" " tag="042"><subfield code="a">msc</subfield></datafield><datafield ind1=" " ind2=" " tag="043"><subfield code="a">n-us-nv</subfield></datafield><datafield ind1=" " ind2="4" tag="050"><subfield code="a">AN2.N3</subfield><subfield code="b">P56</subfield></datafield><datafield ind1="0" ind2=" " tag="130"><subfield code="a">Pioche record (1932)</subfield></datafield><datafield ind1="1" ind2="4" tag="245"><subfield code="a">The Pioche record.</subfield></datafield><datafield ind1="1" ind2="7" tag="246"><subfield code="a">Lincoln County record,</subfield><subfield code="f">Feb. 25, 1932</subfield></datafield><datafield ind1=" " ind2=" " tag="260"><subfield code="a">Pioche, Nev. :</subfield><subfield code="b">L.H. Beeson,</subfield><subfield code="c">1932-1968.</subfield></datafield><datafield ind1=" " ind2=" " tag="300"><subfield code="a">37 v. :</subfield><subfield code="b">ill.</subfield></datafield><datafield ind1=" " ind2=" " tag="310"><subfield code="a">Weekly</subfield></datafield><datafield ind1="0" ind2=" " tag="362"><subfield code="a">Vol. 62, no. 15 (Feb. 25, 1932)-v. 98, no. 26 (May 30, 1968).</subfield></datafield><datafield ind1=" " ind2="0" tag="651"><subfield code="a">Pioche (Nev.)</subfield><subfield code="v">Newspapers.</subfield></datafield><datafield ind1=" " ind2="7" tag="655"><subfield code="a">Newspapers.</subfield><subfield code="2">fast</subfield><subfield code="0">(OCoLC)fst01423814</subfield></datafield><datafield ind1=" " ind2="7" tag="651"><subfield code="a">Nevada</subfield><subfield code="z">Pioche.</subfield><subfield code="2">fast</subfield><subfield code="0">(OCoLC)fst01237640</subfield></datafield><datafield ind1=" " ind2=" " tag="752"><subfield code="a">United States</subfield><subfield code="b">Nevada</subfield><subfield code="c">Lincoln</subfield><subfield code="d">Pioche.</subfield></datafield><datafield ind1="0" ind2="0" tag="780"><subfield code="t">Lincoln County record (Pioche, Nev. : 1925)</subfield><subfield code="w">(DLC)sn 86091350</subfield><subfield code="w">(OCoLC)13457921</subfield></datafield><datafield ind1="0" ind2="7" tag="785"><subfield code="t">Caliente herald</subfield><subfield code="w">(DLC)sn 86076268</subfield><subfield code="w">(OCoLC)13770277</subfield></datafield><datafield ind1="0" ind2="7" tag="785"><subfield code="t">Lincoln County record (Pioche, Nev. : 1968)</subfield><subfield code="w">(DLC)sn 84000050</subfield><subfield code="w">(OCoLC)11285049</subfield></datafield></record>